@online{e,
  title = {Курс: Операционные системы [Электронный ресурс]},
  url   = {https://e.sfu-kras.ru/mod/assign/view.php?id=709458}
}

@online{stu,
  title = {Стандарт организации <<Общие требования к построению, изложе-
           нию и оформлению документов учебной деятельности>>},
  url   = {http://about.sfu-kras.ru/docs/8127/pdf/891603}
}